<record><leader>00000cas a22000007a 4500</leader><controlfield tag="001">12137489</controlfield><controlfield tag="008">850610d18231833ohuwr ne      0    0eng d</controlfield><controlfield tag="009">3768</controlfield><datafield ind1=" " ind2=" " tag="010"><subfield code="a">sn 85026268 </subfield></datafield><datafield ind1=" " ind2=" " tag="040"><subfield code="a">NPX</subfield><subfield code="b">eng</subfield><subfield code="c">NPX</subfield><subfield code="d">DLC</subfield><subfield code="d">NPA</subfield><subfield code="d">KNP</subfield><subfield code="d">ONP</subfield><subfield code="d">KNP</subfield><subfield code="d">MGN</subfield><subfield code="d">CNK</subfield><subfield code="d">ONP</subfield><subfield code="d">OCL</subfield><subfield code="d">OCLCQ</subfield><subfield code="d">DLC</subfield><subfield code="d">OCLCF</subfield></datafield><datafield ind1="1" ind2=" " tag="029"><subfield code="a">AU@</subfield><subfield code="b">000020124303</subfield></datafield><datafield ind1=" " ind2=" " tag="042"><subfield code="a">msc</subfield></datafield><datafield ind1=" " ind2=" " tag="043"><subfield code="a">n-us-oh</subfield></datafield><datafield ind1="0" ind2="0" tag="050"><subfield code="a">Newspaper</subfield></datafield><datafield ind1="0" ind2=" " tag="130"><subfield code="a">Western pioneer (Springfield, Ohio)</subfield></datafield><datafield ind1="1" ind2="4" tag="245"><subfield code="a">The Western pioneer.</subfield></datafield><datafield ind1=" " ind2=" " tag="260"><subfield code="a">Springfield, (Clark County), Ohio :</subfield><subfield code="b">Geo. W. Jewett,</subfield><subfield code="c">-1833.</subfield></datafield><datafield ind1=" " ind2=" " tag="300"><subfield code="a">v.</subfield></datafield><datafield ind1=" " ind2=" " tag="310"><subfield code="a">Weekly</subfield></datafield><datafield ind1="1" ind2=" " tag="362"><subfield code="a">Began in 1823?</subfield></datafield><datafield ind1="0" ind2=" " tag="362"><subfield code="a">-v. 5, no. 47 (June 15, 1833).</subfield></datafield><datafield ind1=" " ind2=" " tag="500"><subfield code="a">National Republican, 1828-1833.</subfield></datafield><datafield ind1=" " ind2=" " tag="515"><subfield code="a">Vols. for May 25, 1825-&lt;Jan. 22, 1831&gt; called also new ser., v. 1, no. 1-&lt;new ser., v. 3, no. 28&gt;.</subfield></datafield><datafield ind1=" " ind2=" " tag="588"><subfield code="a">Description based on: Vol. 1, no. 14 (Jan 14, 1825).</subfield></datafield><datafield ind1=" " ind2="0" tag="651"><subfield code="a">Springfield (Ohio)</subfield><subfield code="v">Newspapers.</subfield></datafield><datafield ind1=" " ind2="0" tag="651"><subfield code="a">Clark County (Ohio)</subfield><subfield code="v">Newspapers.</subfield></datafield><datafield ind1=" " ind2="7" tag="655"><subfield code="a">Newspapers.</subfield><subfield code="2">fast</subfield><subfield code="0">(OCoLC)fst01423814</subfield></datafield><datafield ind1=" " ind2="7" tag="651"><subfield code="a">Ohio</subfield><subfield code="z">Clark County.</subfield><subfield code="2">fast</subfield><subfield code="0">(OCoLC)fst01206462</subfield></datafield><datafield ind1=" " ind2="7" tag="651"><subfield code="a">Ohio</subfield><subfield code="z">Springfield.</subfield><subfield code="2">fast</subfield><subfield code="0">(OCoLC)fst01219897</subfield></datafield><datafield ind1=" " ind2=" " tag="752"><subfield code="a">United States</subfield><subfield code="b">Ohio</subfield><subfield code="c">Clark</subfield><subfield code="d">Springfield.</subfield></datafield><datafield ind1="0" ind2="0" tag="780"><subfield code="t">Farmer's advocate (Springfield, Ohio)</subfield><subfield code="w">(DLC)sn 85026262</subfield><subfield code="w">(OCoLC)12136794</subfield></datafield><datafield ind1="0" ind2="7" tag="785"><subfield code="t">Farmers' chronicle and Clark advertiser</subfield><subfield code="w">(DLC)sn 85042752</subfield><subfield code="w">(OCoLC)12829193</subfield></datafield><datafield ind1="0" ind2="7" tag="785"><subfield code="t">Pioneer and chronicle</subfield><subfield code="w">(DLC)sn 91069694</subfield><subfield code="w">(OCoLC)23926676</subfield></datafield></record>